@book{jurafsky2020speech,
  title={Speech and language processing: An introduction to natural language processing, computational linguistics, and speech recognition},
  author={Jurafsky, Daniel and Martin, James H},
  year={2020},
  publisher={Pearson}
}

@inproceedings{vaswani2017attention,
  title={Attention is all you need},
  author={Vaswani, Ashish and Shazeer, Noam and Parmar, Niki and Uszkoreit, Jakob and Jones, Llion and Gomez, Aidan N and Kaiser, {\L}ukasz and Polosukhin, Illia},
  booktitle={Advances in neural information processing systems},
  pages={5998--6008},
  year={2017}
}

@article{brown2020language,
  title={Language models are few-shot learners},
  author={Brown, Tom and Mann, Benjamin and Ryder, Nick and Subbiah, Melanie and Kaplan, Jared D and Dhariwal, Prafulla and Neelakantan, Arvind and Shyam, Pranav and Sastry, Girish and Askell, Amanda and others},
  journal={Advances in neural information processing systems},
  volume={33},
  pages={1877--1901},
  year={2020}
}

@article{chowdhery2022palm,
  title={PaLM: Scaling language modeling with pathways},
  author={Chowdhery, Aakanksha and Narang, Sharan and Devlin, Jacob and Bosma, Maarten and Mishra, Gaurav and Roberts, Adam and Barham, Paul and Chung, Hyung Won and Sutton, Charles and Gehrmann, Sebastian and others},
  journal={arXiv preprint arXiv:2204.02311},
  year={2022}
}

@article{wei2021finetuned,
  title={Finetuned language models are zero-shot learners},
  author={Wei, Jason and Bosma, Maarten and Zhao, Vincent Y and Guu, Kenton and Yu, Adams Wei and Lester, Brian and Du, Nan and Dai, Andrew M and Le, Quoc V},
  journal={arXiv preprint arXiv:2109.01652},
  year={2021}
}

@article{ouyang2022training,
  title={Training language models to follow instructions with human feedback},
  author={Ouyang, Long and Wu, Jeff and Jiang, Xu and Almeida, Diogo and Wainwright, Carroll and Mishkin, Pamela and Zhang, Chong and Agarwal, Sandhini and Slama, Katarina and Ray, Alex and others},
  journal={Advances in Neural Information Processing Systems},
  volume={35},
  pages={27730--27744},
  year={2022}
}

@article{weston2014memory,
  title={Memory networks},
  author={Weston, Jason and Chopra, Sumit and Bordes, Antoine},
  journal={arXiv preprint arXiv:1410.3916},
  year={2014}
}

@inproceedings{lewis2020rag,
  title={Retrieval-augmented generation for knowledge-intensive nlp tasks},
  author={Lewis, Patrick and Perez, Ethan and Piktus, Aleksandra and Petroni, Fabio and Karpukhin, Vladimir and Goyal, Naman and K{\"u}ttler, Heinrich and Lewis, Mike and Yih, Wen-tau and Rockt{\"a}schel, Tim and others},
  booktitle={Advances in Neural Information Processing Systems},
  volume={33},
  pages={9459--9474},
  year={2020}
}

@inproceedings{borgeaud2022retro,
  title={Improving language models by retrieving from trillions of tokens},
  author={Borgeaud, Sebastian and Mensch, Arthur and Hoffmann, Jordan and Cai, Trevor and Rutherford, Eliza and Millican, Katie and Driessche, George van den and Lespiau, Jean-Baptiste and Damoc, Bogdan and Clark, Aidan and others},
  booktitle={International conference on machine learning},
  pages={2206--2240},
  year={2022},
  organization={PMLR}
}

@article{yao2022react,
  title={ReAct: Synergizing reasoning and acting in language models},
  author={Yao, Shunyu and Zhao, Jeffrey and Yu, Dian and Du, Nan and Shafran, Izhak and Narasimhan, Karthik and Cao, Yuan},
  journal={arXiv preprint arXiv:2210.03629},
  year={2022}
}

@misc{langgraph2024,
  title={LangGraph: Stateful, Multi-Agent Applications with LLMs},
  author={{LangChain AI}},
  year={2024},
  url={https://langchain-ai.github.io/langgraph/}
}

@article{baddeley1992working,
  title={Working memory},
  author={Baddeley, Alan},
  journal={Science},
  volume={255},
  number={5044},
  pages={556--559},
  year={1992},
  publisher={American Association for the Advancement of Science}
}

@incollection{tulving1972episodic,
  title={Episodic and semantic memory},
  author={Tulving, Endel},
  booktitle={Organization of memory},
  pages={381--403},
  year={1972},
  publisher={Academic Press}
}

@article{anderson1982skill,
  title={Acquisition of cognitive skill},
  author={Anderson, John R},
  journal={Psychological review},
  volume={89},
  number={4},
  pages={369},
  year={1982},
  publisher={American Psychological Association}
}

@book{jurafsky2009speech,
  title={Speech and language processing: An introduction to natural language processing, computational linguistics, and speech recognition},
  author={Jurafsky, Daniel and Martin, James H},
  year={2009},
  publisher={Pearson Prentice Hall}
}

@inproceedings{chen2017enhanced,
  title={Enhanced LSTM for natural language inference},
  author={Chen, Qian and Zhu, Xiaodan and Ling, Zhen-Hua and Wei, Si and Jiang, Hai and Inkpen, Diana},
  booktitle={Proceedings of the 55th Annual Meeting of the Association for Computational Linguistics},
  pages={1657--1668},
  year={2017}
}

@book{newman2021building,
  title={Building microservices: designing fine-grained systems},
  author={Newman, Sam},
  year={2021},
  publisher={O'Reilly Media}
}

@book{burns2019kubernetes,
  title={Kubernetes: up and running: dive into the future of infrastructure},
  author={Burns, Brendan and Beda, Joe},
  year={2019},
  publisher={O'Reilly Media}
}

